@article{template,
author=“”,
title=“”,
publisher=“”,
year=“”,
volume=“”,
series=“”,
}

@article{sample,
author={Sample Author},
title={A sample reference},
publisher={Physics Journals},
year={2016},
volume={25},
series={3},
}
