@book{Als-Nielsen,
author = {J. Als-Nielsen and D. McMorrow},
title = {Elements of Modern X-ray Physics},
publisher = {John Wiley \& Sons, Ltd},
edition   = {2nd},
year = {2011},
}

@article {Popmintchev,
author = {T. Popmintchev and others},
title = {Bright Coherent Ultrahigh Harmonics in the keV X-ray Regime from Mid-Infrared Femtosecond Lasers},
volume = {336},
pages = {1287},
year = {2012},
journal = {Science}
}

@article {Weisshaupt,
author = {J. Weisshaupt and others},
title = {High-brightness table-top hard X-ray source driven by sub-100-femtosecond mid-infrared pulses},
volume = {8},
pages = {927},
year = {2014},
journal = {Nat. Photon.}
}

@article{Chen,
author = {M.-C. Chen and others}, 
title = {Generation of bright isolated attosecond soft X-ray pulses driven by multicycle midinfrared lasers},
volume = {111}, 
pages = {E2361}, 
year = {2014}, 
journal = {Proc. Natl. Acad. Sci.} 
}

@Unpublished{Ozawa,
author = {M. Ozawa},
title = "{Uncertainty Relations for Noise and Disturbance in Generalized Quantum Measurements}",
year = {2003},
eprint = "quant-ph/0307057",
archivePrefix = "arXiv",
SLACcitation = "%%CITATION=HEP-TH/9108028;%%"
}

@article{O'Brien,
author = {J. L. O'Brien and others}, 
title = {Photonic quantum technologies},
volume = {3}, 
pages = {687}, 
year = {2009}, 
journal = {Nat. Photon.} 
}

@article{Huang,
  title = {Laser-Electron Storage Ring},
  author = {Z. Huang and R. D. Ruth},
  journal = {Phys. Rev. Lett.},
  volume = {80},
  pages = {976},
  year = {1998},
}

@article{Gonzalez,
title = "Risk of cancer from diagnostic X-rays: estimates for the \{UK\} and 14 other countries ",
journal = "Lancet ",
volume = "363",
number = "9406",
pages = "345",
year = "2004",
author = "A. B. de Gonz{\'a}lez and S. Darby",
}

@article{Esarey,
  title = {Physics of laser-driven plasma-based electron accelerators},
  author = {Esarey, E. and others},
  journal = {Rev. Mod. Phys.},
  volume = {81},
  issue = {3},
  pages = {1229},
  year = {2009},
}

@article{Hooker,
  title = {Developments in laser-driven plasma accelerators},
  author = {S. M. Hooker},
  journal = {Nat. Photon.},
  volume = {7},
  pages = {775},
  year = {2013},
}

@article{Fukuda,
  title = {Polarimetry of Short-Pulse Gamma Rays Produced through Inverse Compton Scattering of Circularly Polarized Laser Beams},
  author = {M. Fukuda and others},
  journal = {Phys. Rev. Lett.},
  volume = {91},
  pages = {164801},
  year = {2003},
}

@inbook{Barklow,
title={Electroweak Symmetry Breaking and New Physics at the {T}e{V} Scale},
author={T. Barklow and others},
publisher={World Scientific},
year={1996},
}