@article{Iafrate,
  title = {Quantum transport for Bloch electrons in inhomogeneous electric fields},
  author = {Iafrate, Gerald J. and Krieger, Joseph B.},
  journal = {Phys. Rev. B},
  volume = {40},
  issue = {9},
  pages = {6144--6148},
  numpages = {0},
  year = {1989},
  month = {Sep},
  publisher = {American Physical Society},
  doi = {10.1103/PhysRevB.40.6144},
  url = {https://link.aps.org/doi/10.1103/PhysRevB.40.6144}
}

@article{Foldi,
  title = {Gauge invariance and interpretation of interband and intraband processes in high-order harmonic generation from bulk solids},
  author = {F\"oldi, P\'eter},
  journal = {Phys. Rev. B},
  volume = {96},
  issue = {3},
  pages = {035112},
  numpages = {6},
  year = {2017},
  month = {Jul},
  publisher = {American Physical Society},
  doi = {10.1103/PhysRevB.96.035112},
  url = {https://link.aps.org/doi/10.1103/PhysRevB.96.035112}
}
