%% This BibTeX bibliography file was created using BibDesk.
%% http://bibdesk.sourceforge.net/

%% Created for 信義 平松 at 2016-10-11 06:54:23 +0900 


%% Saved with string encoding Unicode (UTF-8) 


@article{Sugawara,
	Author = {H. Sugawara and T. Nagano and A. Kinbara},
	Date-Added = {2016-10-10 21:53:52 +0000},
	Date-Modified = {2016-10-10 21:54:15 +0000},
	Issn = {0040-6090},
	Journal = {Thin Solid Films},
	Number = {1},
	Pages = {33 - 42},
	Title = {Annealing behavior of evaporated gold films: Resistivity, thermoelectric power and hall coefficient},
	Url = {http://www.sciencedirect.com/science/article/pii/004060907490087X},
	Volume = {21},
	Year = {1974},
	Bdsk-Url-1 = {http://www.sciencedirect.com/science/article/pii/004060907490087X},
	Bdsk-Url-2 = {http://dx.doi.org/10.1016/0040-6090(74)90087-X}}

@inbook{Ashcroft,
	Address = {Philadelphia},
	Author = {N. W. Ashcroft and N. D. Mermin},
	Date-Added = {2016-10-10 16:25:30 +0000},
	Date-Modified = {2016-10-10 16:25:30 +0000},
	Publisher = {Saunders College},
	Title = {Solid State Physics},
	Year = 1976}

@inbook{Palik,
	Author = {Palik, Edward D.},
	Date-Added = {2016-10-10 16:25:19 +0000},
	Date-Modified = {2016-10-10 16:25:19 +0000},
	Publisher = {Academic Press},
	Title = {Handbook of Optical Constants of Solids},
	Year = {2002}}

@inbook{Raether,
	Author = {H. Raether},
	Publisher = {Springer-Berlin},
	Title = {Surface plasmons on smooth and rough surfaces and on gratings},
	Year = {1998}}
	
@article{Schlesinger2,
	Author = {Schlesinger, Zack and Sievers, A. J.},
	Date-Added = {2016-10-10 16:25:19 +0000},
	Date-Modified = {2016-10-10 16:25:19 +0000},
	Doi = {10.1103/PhysRevB.26.6444},
	Issue = {12},
	Journal = {Phys. Rev. B},
	Month = {Dec},
	Numpages = {0},
	Pages = {6444--6454},
	Publisher = {American Physical Society},
	Title = {ir surface-plasmon attenuation coefficients for Ge-coated Ag and Au metals},
	Url = {https://gateway.itc.u-tokyo.ac.jp/,DanaInfo=link.aps.org+doi/10.1103/PhysRevB.26.6444},
	Volume = {26},
	Year = {1982},
	Bdsk-File-1 = {YnBsaXN0MDDUAQIDBAUGJCVYJHZlcnNpb25YJG9iamVjdHNZJGFyY2hpdmVyVCR0b3ASAAGGoKgHCBMUFRYaIVUkbnVsbNMJCgsMDxJXTlMua2V5c1pOUy5vYmplY3RzViRjbGFzc6INDoACgAOiEBGABIAFgAdccmVsYXRpdmVQYXRoWWFsaWFzRGF0YV8QJS4uLy4uLy4uLy4uL0Rvd25sb2Fkcy9zY2llbmNlICg0KS5iaWLSFwsYGVdOUy5kYXRhTxEBigAAAAABigACAAAMTWFjaW50b3NoIEhEAAAAAAAAAAAAAAAAAAAA0ef3QkgrAAAACZ1DD3NjaWVuY2UgKDQpLmJpYgAAAAAAAAAAAAAAAAAAAAAAAAAAAAAAAAAAAAAAAAAAAAAAAAAAAAAAAAAAAAAAAAFyDyHUF1HjAAAAAAAAAAAABAACAAAJIAAAAAAAAAAAAAAAAAAAAAlEb3dubG9hZHMAABAACAAA0ed4sgAAABEACAAA1BbTUwAAAAEADAAJnUMACZ1AAAKYXAACADlNYWNpbnRvc2ggSEQ6VXNlcnM6AE5vYnV5b3NoaToARG93bmxvYWRzOgBzY2llbmNlICg0KS5iaWIAAA4AIAAPAHMAYwBpAGUAbgBjAGUAIAAoADQAKQAuAGIAaQBiAA8AGgAMAE0AYQBjAGkAbgB0AG8AcwBoACAASABEABIAKVVzZXJzL05vYnV5b3NoaS9Eb3dubG9hZHMvc2NpZW5jZSAoNCkuYmliAAATAAEvAAAVAAIAEP//AACABtIbHB0eWiRjbGFzc25hbWVYJGNsYXNzZXNdTlNNdXRhYmxlRGF0YaMdHyBWTlNEYXRhWE5TT2JqZWN00hscIiNcTlNEaWN0aW9uYXJ5oiIgXxAPTlNLZXllZEFyY2hpdmVy0SYnVHJvb3SAAQAIABEAGgAjAC0AMgA3AEAARgBNAFUAYABnAGoAbABuAHEAcwB1AHcAhACOALYAuwDDAlECUwJYAmMCbAJ6An4ChQKOApMCoAKjArUCuAK9AAAAAAAAAgEAAAAAAAAAKAAAAAAAAAAAAAAAAAAAAr8=},
	Bdsk-Url-1 = {https://gateway.itc.u-tokyo.ac.jp/,DanaInfo=link.aps.org+doi/10.1103/PhysRevB.26.6444},
	Bdsk-Url-2 = {http://dx.doi.org/10.1103/PhysRevB.26.6444}}

@article{Canchal-Arias,
	Author = {D. Canchal-Arias and P. Dawson},
	Date-Added = {2016-10-10 16:25:19 +0000},
	Date-Modified = {2016-10-10 16:25:19 +0000},
	Doi = {http://dx.doi.org/10.1016/j.susc.2004.12.025},
	Issn = {0039-6028},
	Journal = {Surf. Sci.},
	Keywords = {Single crystal surfaces},
	Number = {2--3},
	Pages = {95 - 111},
	Title = {Measurement and interpretation of the mid-infrared properties of single crystal and polycrystalline gold},
	Url = {http://www.sciencedirect.com/science/article/pii/S0039602804015845},
	Volume = {577},
	Year = {2005},
	Bdsk-Url-1 = {http://www.sciencedirect.com/science/article/pii/S0039602804015845},
	Bdsk-Url-2 = {http://dx.doi.org/10.1016/j.susc.2004.12.025}}

@article{Moharam,
	Abstract = {A rigorous coupled-wave approach is used to analyze diffraction by general planar gratings bounded by two different media. The grating fringes may have any orientation (slanted or unslanted) with respect to the grating surfaces. The analysis is based on a state-variables representation and results in a unifying, easily computer-implementable matrix formulation of the general planar-grating diffraction problem. Accurate diffraction characteristics are presented for the first time to the authors' knowledge for general slanted gratings. This present rigorous formulation is compared with rigorous modal theory, approximate two-wave modal theory, approximate multiwave coupled-wave theory, and approximate two-wave coupled-wave theory. Typical errors in the diffraction characteristics introduced by these various approximate theories are evaluated for transmission, slanted, and reflection gratings. Inclusion of higher-order waves in a theory is important for obtaining accurate predictions when forward-diffracted orders are dominant (transmission-grating behavior). Conversely, when backward-diffracted orders dominate (reflection-grating behavior), second derivatives of the field amplitudes and boundary diffraction need to be included to produce accurate results.},
	Author = {M. G. Moharam and T. K. Gaylord},
	Date-Added = {2016-10-10 16:25:19 +0000},
	Date-Modified = {2016-10-10 16:25:19 +0000},
	Doi = {10.1364/JOSA.71.000811},
	Journal = {J. Opt. Soc. Am.},
	Month = {Jul},
	Number = {7},
	Pages = {811--818},
	Publisher = {OSA},
	Title = {Rigorous coupled-wave analysis of planar-grating diffraction},
	Url = {http://www.osapublishing.org/abstract.cfm?URI=josa-71-7-811},
	Volume = {71},
	Year = {1981},
	Bdsk-Url-1 = {http://www.osapublishing.org/abstract.cfm?URI=josa-71-7-811},
	Bdsk-Url-2 = {http://dx.doi.org/10.1364/JOSA.71.000811}}

@article{Schoenwald,
	Author = {J. Schoenwald and E. Burstein and J.M. Elson},
	Date-Added = {2016-10-10 16:25:19 +0000},
	Date-Modified = {2016-10-10 16:25:19 +0000},
	Doi = {http://dx.doi.org/10.1016/0038-1098(73)90497-3},
	Issn = {0038-1098},
	Journal = {Solid State Commun.},
	Number = {3},
	Pages = {185 - 189},
	Title = {Propagation of surface polaritons over macroscopic distances at optical frequencies},
	Url = {http://www.sciencedirect.com/science/article/pii/0038109873904973},
	Volume = {12},
	Year = {1973},
	Bdsk-Url-1 = {http://www.sciencedirect.com/science/article/pii/0038109873904973},
	Bdsk-Url-2 = {http://dx.doi.org/10.1016/0038-1098(73)90497-3},
	Bdsk-File-1 = {YnBsaXN0MDDUAQIDBAUGJCVYJHZlcnNpb25YJG9iamVjdHNZJGFyY2hpdmVyVCR0b3ASAAGGoKgHCBMUFRYaIVUkbnVsbNMJCgsMDxJXTlMua2V5c1pOUy5vYmplY3RzViRjbGFzc6INDoACgAOiEBGABIAFgAdccmVsYXRpdmVQYXRoWWFsaWFzRGF0YV8QKi4uLy4uLy4uLy4uL0Rvd25sb2Fkcy8wMDQwNjA5MDc0OTAwODdYLmJpYtIXCxgZV05TLmRhdGFPEQGcAAAAAAGcAAIAAAxNYWNpbnRvc2ggSEQAAAAAAAAAAAAAAAAAAADR5/dCSCsAAAAJnUMUMDA0MDYwOTA3NDkwMDg3WC5iaWIAAAAAAAAAAAAAAAAAAAAAAAAAAAAAAAAAAAAAAAAAAAAAAAAAAAAAAAAAAXRNndQiPMwAAAAAAAAAAAAEAAIAAAkgAAAAAAAAAAAAAAAAAAAACURvd25sb2FkcwAAEAAIAADR53iyAAAAEQAIAADUIb48AAAAAQAMAAmdQwAJnUAAAphcAAIAPk1hY2ludG9zaCBIRDpVc2VyczoATm9idXlvc2hpOgBEb3dubG9hZHM6ADAwNDA2MDkwNzQ5MDA4N1guYmliAA4AKgAUADAAMAA0ADAANgAwADkAMAA3ADQAOQAwADAAOAA3AFgALgBiAGkAYgAPABoADABNAGEAYwBpAG4AdABvAHMAaAAgAEgARAASAC5Vc2Vycy9Ob2J1eW9zaGkvRG93bmxvYWRzLzAwNDA2MDkwNzQ5MDA4N1guYmliABMAAS8AABUAAgAQ//8AAIAG0hscHR5aJGNsYXNzbmFtZVgkY2xhc3Nlc11OU011dGFibGVEYXRhox0fIFZOU0RhdGFYTlNPYmplY3TSGxwiI1xOU0RpY3Rpb25hcnmiIiBfEA9OU0tleWVkQXJjaGl2ZXLRJidUcm9vdIABAAgAEQAaACMALQAyADcAQABGAE0AVQBgAGcAagBsAG4AcQBzAHUAdwCEAI4AuwDAAMgCaAJqAm8CegKDApEClQKcAqUCqgK3AroCzALPAtQAAAAAAAACAQAAAAAAAAAoAAAAAAAAAAAAAAAAAAAC1g==}}

@article{Schlesinger1,
	Author = {Zack Schlesinger and A.J. Sievers},
	Date-Added = {2016-10-10 16:25:19 +0000},
	Date-Modified = {2016-10-10 16:25:19 +0000},
	Doi = {http://dx.doi.org/10.1016/0038-1098(82)90768-2},
	Issn = {0038-1098},
	Journal = {Solid State Commun.},
	Number = {9},
	Pages = {671 - 673},
	Title = {IR surface plasmon attenuation coefficients for Ag and Au films},
	Url = {http://www.sciencedirect.com/science/article/pii/0038109882907682},
	Volume = {43},
	Year = {1982},
	Bdsk-Url-1 = {http://www.sciencedirect.com/science/article/pii/0038109882907682},
	Bdsk-Url-2 = {http://dx.doi.org/10.1016/0038-1098(82)90768-2}}

@article{McMullen,
	Author = {J.D. McMullen},
	Date-Added = {2016-10-10 16:25:19 +0000},
	Date-Modified = {2016-10-10 16:25:19 +0000},
	Doi = {http://dx.doi.org/10.1016/0038-1098(75)90305-1},
	Issn = {0038-1098},
	Journal = {Solid State Commun.},
	Number = {3},
	Pages = {331 - 336},
	Title = {Propagation lengths of surface polaritons at 10.6 microns on BeO and metal substrates},
	Url = {http://www.sciencedirect.com/science/article/pii/0038109875903051},
	Volume = {17},
	Year = {1975},
	Bdsk-Url-1 = {http://www.sciencedirect.com/science/article/pii/0038109875903051},
	Bdsk-Url-2 = {http://dx.doi.org/10.1016/0038-1098(75)90305-1}}

@article{Mills,
	Author = {Mills, D. L.},
	Date-Added = {2016-10-10 16:25:19 +0000},
	Date-Modified = {2016-10-10 16:25:19 +0000},
	Doi = {10.1103/PhysRevB.12.4036},
	Issue = {10},
	Journal = {Phys. Rev. B},
	Month = {Nov},
	Numpages = {0},
	Pages = {4036--4046},
	Publisher = {American Physical Society},
	Title = {Attenuation of surface polaritons by surface roughness},
	Url = {http://link.aps.org/doi/10.1103/PhysRevB.12.4036},
	Volume = {12},
	Year = {1975},
	Bdsk-Url-1 = {http://link.aps.org/doi/10.1103/PhysRevB.12.4036},
	Bdsk-Url-2 = {http://dx.doi.org/10.1103/PhysRevB.12.4036}}

@article{Buffat,
	Author = {Buffat, Ph. and Borel, J-P.},
	Date-Added = {2016-10-10 16:25:19 +0000},
	Date-Modified = {2016-10-10 16:25:19 +0000},
	Doi = {10.1103/PhysRevA.13.2287},
	Issue = {6},
	Journal = {Phys. Rev. A},
	Month = {Jun},
	Numpages = {0},
	Pages = {2287--2298},
	Publisher = {American Physical Society},
	Title = {Size effect on the melting temperature of gold particles},
	Url = {http://link.aps.org/doi/10.1103/PhysRevA.13.2287},
	Volume = {13},
	Year = {1976},
	Bdsk-Url-1 = {http://link.aps.org/doi/10.1103/PhysRevA.13.2287},
	Bdsk-Url-2 = {http://dx.doi.org/10.1103/PhysRevA.13.2287}}

@article{Yang,
	Author = {Yang, Honghua U. and D'Archangel, Jeffrey and Sundheimer, Michael L. and Tucker, Eric and Boreman, Glenn D. and Raschke, Markus B.},
	Date-Added = {2016-10-10 16:25:19 +0000},
	Date-Modified = {2016-10-10 16:25:19 +0000},
	Doi = {10.1103/PhysRevB.91.235137},
	Issue = {23},
	Journal = {Phys. Rev. B},
	Month = {Jun},
	Numpages = {11},
	Pages = {235137},
	Publisher = {American Physical Society},
	Title = {Optical dielectric function of silver},
	Url = {http://link.aps.org/doi/10.1103/PhysRevB.91.235137},
	Volume = {91},
	Year = {2015},
	Bdsk-Url-1 = {http://link.aps.org/doi/10.1103/PhysRevB.91.235137},
	Bdsk-Url-2 = {http://dx.doi.org/10.1103/PhysRevB.91.235137}}

@article{Petr,
	Abstract = {In this paper, results concerning atomic force microscopy studies of the upper boundaries of ZnTe epitaxial thin films prepared by molecular beam epitaxy onto gallium arsenide single crystal substrates are presented. It is shown that the upper boundaries of these films contain grains forming a faceted structure. This faceted structure is quantitatively described by the four statistical quantities: root mean square values of the heights of the irregularities, power spectral density function (PSDF), diagram describing the distribution of the directions of the normals to the boundaries and one-dimensional distribution of the heights of the irregularities. The grain structure is quantitatively described by two quantities: mean grain size and grain size distribution.},
	Author = {Petr Klapetek and Ivan Ohl{\'\i}dal and Alberto Montaigne-Ramil and Alberta Bonanni and David Stifter and Helmut Sitter},
	Date-Added = {2016-10-10 16:25:19 +0000},
	Date-Modified = {2016-10-10 16:25:19 +0000},
	Journal = {Acta Phys. Slovaca},
	Pages = {223-230},
	Title = {Atomic Force Microscopy Characterization of ZnTe Epitaxial Thin Films},
	Url = {http://www.physics.sk/aps/pubs/2003/aps-2003-53-3-223.pdf},
	Volume = {53},
	Year = {2003},
	Bdsk-Url-1 = {http://stacks.iop.org/1347-4065/42/i=7S/a=4706}}

@article{Nogues,
	Abstract = {A simple and reproducible method for the preparation of gold films on mica with large (typically 0.8--1.0 μm) atomically flat (1 1 1) terraces is described. The procedure involves thin gold film evaporation onto freshly cleaved mica substrates, followed by 1 min annealing at 650 $\,^{\circ}$C under nitrogen. The annealed gold surfaces are compared to those of freshly evaporated gold films on mica using cyclic voltammetry and atomic force microscopy. Our results favorably compare to other published annealing techniques, with minimal equipment and time necessary to reproducibly obtain atomically flat gold terraces. },
	Author = {Claude Nogues and Meni Wanunu},
	Date-Added = {2016-10-10 16:25:19 +0000},
	Date-Modified = {2016-10-10 16:25:19 +0000},
	Doi = {http://dx.doi.org/10.1016/j.susc.2004.10.019},
	Issn = {0039-6028},
	Journal = {Surf. Sci.},
	Keywords = {Atomic force microscopy},
	Number = {3},
	Pages = {L383 - L389},
	Title = {A rapid approach to reproducible, atomically flat gold films on mica},
	Url = {http://www.sciencedirect.com/science/article/pii/S0039602804013275},
	Volume = {573},
	Year = {2004},
	Bdsk-Url-1 = {http://www.sciencedirect.com/science/article/pii/S0039602804013275},
	Bdsk-Url-2 = {http://dx.doi.org/10.1016/j.susc.2004.10.019}}

@article{Cleary2010,
	Abstract = {We present a simplified analytic formula that may be used to design gratings intended to couple long-wave infrared radiation to surface plasmons. It is based on the theory of Hessel and Oliner (1965). The recipe is semiempirical, in that it requires knowledge of a surface-impedance modulation amplitude, which is found here as a function of the grating groove depth and the wavelength for silver lamellar gratings at CO2 laser wavelengths. The optimum groove depth for photon-to-surface-plasmon energy conversion was found by experiment and calculation to be $\sim$10\%--15\% of the wavelength. This value is about twice what has been reported previously in the visible spectral range for sinusoidal grating profiles.},
	Author = {Justin W. Cleary and Gautam Medhi and Robert E. Peale and Walter R. Buchwald},
	Date-Added = {2016-10-10 16:25:19 +0000},
	Date-Modified = {2016-10-10 16:25:19 +0000},
	Doi = {10.1364/AO.49.003102},
	Journal = {Appl. Opt.},
	Keywords = {Gratings; Surface plasmons; Infrared; Plasmonics},
	Month = {Jun},
	Number = {16},
	Pages = {3102--3110},
	Publisher = {OSA},
	Title = {Long-wave infrared surface plasmon grating coupler},
	Url = {http://ao.osa.org/abstract.cfm?URI=ao-49-16-3102},
	Volume = {49},
	Year = {2010},
	Bdsk-File-1 = {YnBsaXN0MDDUAQIDBAUGJCVYJHZlcnNpb25YJG9iamVjdHNZJGFyY2hpdmVyVCR0b3ASAAGGoKgHCBMUFRYaIVUkbnVsbNMJCgsMDxJXTlMua2V5c1pOUy5vYmplY3RzViRjbGFzc6INDoACgAOiEBGABIAFgAdccmVsYXRpdmVQYXRoWWFsaWFzRGF0YV8QKi4uLy4uLy4uLy4uL0Rvd25sb2Fkcy8wMDM4MTA5ODczOTA0OTczLmJpYtIXCxgZV05TLmRhdGFPEQGcAAAAAAGcAAIAAAxNYWNpbnRvc2ggSEQAAAAAAAAAAAAAAAAAAADR5/dCSCsAAAAJnUMUMDAzODEwOTg3MzkwNDk3My5iaWIAAAAAAAAAAAAAAAAAAAAAAAAAAAAAAAAAAAAAAAAAAAAAAAAAAAAAAAAAAXIOkdQXUQMAAAAAAAAAAAAEAAIAAAkgAAAAAAAAAAAAAAAAAAAACURvd25sb2FkcwAAEAAIAADR53iyAAAAEQAIAADUFtJzAAAAAQAMAAmdQwAJnUAAAphcAAIAPk1hY2ludG9zaCBIRDpVc2VyczoATm9idXlvc2hpOgBEb3dubG9hZHM6ADAwMzgxMDk4NzM5MDQ5NzMuYmliAA4AKgAUADAAMAAzADgAMQAwADkAOAA3ADMAOQAwADQAOQA3ADMALgBiAGkAYgAPABoADABNAGEAYwBpAG4AdABvAHMAaAAgAEgARAASAC5Vc2Vycy9Ob2J1eW9zaGkvRG93bmxvYWRzLzAwMzgxMDk4NzM5MDQ5NzMuYmliABMAAS8AABUAAgAQ//8AAIAG0hscHR5aJGNsYXNzbmFtZVgkY2xhc3Nlc11OU011dGFibGVEYXRhox0fIFZOU0RhdGFYTlNPYmplY3TSGxwiI1xOU0RpY3Rpb25hcnmiIiBfEA9OU0tleWVkQXJjaGl2ZXLRJidUcm9vdIABAAgAEQAaACMALQAyADcAQABGAE0AVQBgAGcAagBsAG4AcQBzAHUAdwCEAI4AuwDAAMgCaAJqAm8CegKDApEClQKcAqUCqgK3AroCzALPAtQAAAAAAAACAQAAAAAAAAAoAAAAAAAAAAAAAAAAAAAC1g==},
	Bdsk-Url-1 = {http://ao.osa.org/abstract.cfm?URI=ao-49-16-3102},
	Bdsk-Url-2 = {http://dx.doi.org/10.1364/AO.49.003102}}

@article{Koev,
	Abstract = {We report the design, fabrication, and characterization of a periodic grating of shallow rectangular grooves in a metallic film with the goal of maximizing the coupling efficiency of an extended plane wave (PW) of visible or near-infrared light into a single surface plasmon polariton (SPP) mode on a flat metal surface. A PW-to-SPP power conversion factor >45{\%} is demonstrated at a wavelength of 780 nm, which exceeds by an order of magnitude the experimental performance of SPP grating couplers reported to date at any wavelength. Conversion efficiency is maximized by matching the dissipative SPP losses along the grating surface to the local coupling strength. This critical coupling condition is experimentally achieved by tailoring the groove depth and width using a focused ion beam.},
	Author = {Koev, Stephan T. and Agrawal, Amit and Lezec, Henri J. and Aksyuk, Vladimir A.},
	Date-Added = {2016-10-10 16:25:19 +0000},
	Date-Modified = {2016-10-10 16:25:19 +0000},
	Doi = {10.1007/s11468-011-9303-7},
	Issn = {1557-1963},
	Journal = {Plasmonics},
	Number = {2},
	Pages = {269--277},
	Title = {An Efficient Large-Area Grating Coupler for Surface Plasmon Polaritons},
	Url = {http://dx.doi.org/10.1007/s11468-011-9303-7},
	Volume = {7},
	Year = {2012},
	Bdsk-Url-1 = {http://dx.doi.org/10.1007/s11468-011-9303-7}}

@article{Olmon,
	Author = {Olmon, Robert L. and Slovick, Brian and Johnson, Timothy W. and Shelton, David and Oh, Sang-Hyun and Boreman, Glenn D. and Raschke, Markus B.},
	Date-Added = {2016-10-10 16:25:19 +0000},
	Date-Modified = {2016-10-10 16:25:19 +0000},
	Doi = {10.1103/PhysRevB.86.235147},
	Issue = {23},
	Journal = {Phys. Rev. B},
	Month = {Dec},
	Numpages = {9},
	Pages = {235147},
	Publisher = {American Physical Society},
	Title = {Optical dielectric function of gold},
	Url = {http://link.aps.org/doi/10.1103/PhysRevB.86.235147},
	Volume = {86},
	Year = {2012},
	Bdsk-File-1 = {YnBsaXN0MDDUAQIDBAUGJCVYJHZlcnNpb25YJG9iamVjdHNZJGFyY2hpdmVyVCR0b3ASAAGGoKgHCBMUFRYaIVUkbnVsbNMJCgsMDxJXTlMua2V5c1pOUy5vYmplY3RzViRjbGFzc6INDoACgAOiEBGABIAFgAdccmVsYXRpdmVQYXRoWWFsaWFzRGF0YV8QJy4uLy4uLy4uLy4uL0Rvd25sb2Fkcy9hby00OS0xNi0zMTAyLmJpYtIXCxgZV05TLmRhdGFPEQGSAAAAAAGSAAIAAAxNYWNpbnRvc2ggSEQAAAAAAAAAAAAAAAAAAADR5/dCSCsAAAAJnUMRYW8tNDktMTYtMzEwMi5iaWIAAAAAAAAAAAAAAAAAAAAAAAAAAAAAAAAAAAAAAAAAAAAAAAAAAAAAAAAAAAAAAXIMjdQXTk8AAAAAAAAAAAAEAAIAAAkgAAAAAAAAAAAAAAAAAAAACURvd25sb2FkcwAAEAAIAADR53iyAAAAEQAIAADUFs+/AAAAAQAMAAmdQwAJnUAAAphcAAIAO01hY2ludG9zaCBIRDpVc2VyczoATm9idXlvc2hpOgBEb3dubG9hZHM6AGFvLTQ5LTE2LTMxMDIuYmliAAAOACQAEQBhAG8ALQA0ADkALQAxADYALQAzADEAMAAyAC4AYgBpAGIADwAaAAwATQBhAGMAaQBuAHQAbwBzAGgAIABIAEQAEgArVXNlcnMvTm9idXlvc2hpL0Rvd25sb2Fkcy9hby00OS0xNi0zMTAyLmJpYgAAEwABLwAAFQACABD//wAAgAbSGxwdHlokY2xhc3NuYW1lWCRjbGFzc2VzXU5TTXV0YWJsZURhdGGjHR8gVk5TRGF0YVhOU09iamVjdNIbHCIjXE5TRGljdGlvbmFyeaIiIF8QD05TS2V5ZWRBcmNoaXZlctEmJ1Ryb290gAEACAARABoAIwAtADIANwBAAEYATQBVAGAAZwBqAGwAbgBxAHMAdQB3AIQAjgC4AL0AxQJbAl0CYgJtAnYChAKIAo8CmAKdAqoCrQK/AsICxwAAAAAAAAIBAAAAAAAAACgAAAAAAAAAAAAAAAAAAALJ},
	Bdsk-File-2 = {YnBsaXN0MDDUAQIDBAUGJCVYJHZlcnNpb25YJG9iamVjdHNZJGFyY2hpdmVyVCR0b3ASAAGGoKgHCBMUFRYaIVUkbnVsbNMJCgsMDxJXTlMua2V5c1pOUy5vYmplY3RzViRjbGFzc6INDoACgAOiEBGABIAFgAdccmVsYXRpdmVQYXRoWWFsaWFzRGF0YV8QJy4uLy4uLy4uLy4uL0Rvd25sb2Fkcy9hby00OS0xNi0zMTAyLmJpYtIXCxgZV05TLmRhdGFPEQGSAAAAAAGSAAIAAAxNYWNpbnRvc2ggSEQAAAAAAAAAAAAAAAAAAADR5/dCSCsAAAAJnUMRYW8tNDktMTYtMzEwMi5iaWIAAAAAAAAAAAAAAAAAAAAAAAAAAAAAAAAAAAAAAAAAAAAAAAAAAAAAAAAAAAAAAXIMjdQXTk8AAAAAAAAAAAAEAAIAAAkgAAAAAAAAAAAAAAAAAAAACURvd25sb2FkcwAAEAAIAADR53iyAAAAEQAIAADUFs+/AAAAAQAMAAmdQwAJnUAAAphcAAIAO01hY2ludG9zaCBIRDpVc2VyczoATm9idXlvc2hpOgBEb3dubG9hZHM6AGFvLTQ5LTE2LTMxMDIuYmliAAAOACQAEQBhAG8ALQA0ADkALQAxADYALQAzADEAMAAyAC4AYgBpAGIADwAaAAwATQBhAGMAaQBuAHQAbwBzAGgAIABIAEQAEgArVXNlcnMvTm9idXlvc2hpL0Rvd25sb2Fkcy9hby00OS0xNi0zMTAyLmJpYgAAEwABLwAAFQACABD//wAAgAbSGxwdHlokY2xhc3NuYW1lWCRjbGFzc2VzXU5TTXV0YWJsZURhdGGjHR8gVk5TRGF0YVhOU09iamVjdNIbHCIjXE5TRGljdGlvbmFyeaIiIF8QD05TS2V5ZWRBcmNoaXZlctEmJ1Ryb290gAEACAARABoAIwAtADIANwBAAEYATQBVAGAAZwBqAGwAbgBxAHMAdQB3AIQAjgC4AL0AxQJbAl0CYgJtAnYChAKIAo8CmAKdAqoCrQK/AsICxwAAAAAAAAIBAAAAAAAAACgAAAAAAAAAAAAAAAAAAALJ},
	Bdsk-Url-1 = {http://link.aps.org/doi/10.1103/PhysRevB.86.235147},
	Bdsk-Url-2 = {http://dx.doi.org/10.1103/PhysRevB.86.235147}}

@article{Trollmann,
	Author = {Trollmann, Jens and Pucci, Annemarie},
	Date-Added = {2016-10-10 16:25:19 +0000},
	Date-Modified = {2016-10-10 16:25:19 +0000},
	Journal = {J. Phys. Chem. C},
	Number = {27},
	Pages = {15011-15018},
	Title = {Infrared Dielectric Function of Gold Films in Relation to Their Morphology},
	Url = {http://dx.doi.org/10.1021/jp5027465},
	Volume = {118},
	Year = {2014},
	Bdsk-File-1 = {YnBsaXN0MDDUAQIDBAUGJCVYJHZlcnNpb25YJG9iamVjdHNZJGFyY2hpdmVyVCR0b3ASAAGGoKgHCBMUFRYaIVUkbnVsbNMJCgsMDxJXTlMua2V5c1pOUy5vYmplY3RzViRjbGFzc6INDoACgAOiEBGABIAFgAdccmVsYXRpdmVQYXRoWWFsaWFzRGF0YV8QJS4uLy4uLy4uLy4uL0Rvd25sb2Fkcy9zY2llbmNlICgyKS5iaWLSFwsYGVdOUy5kYXRhTxEBigAAAAABigACAAAMTWFjaW50b3NoIEhEAAAAAAAAAAAAAAAAAAAA0ef3QkgrAAAACZ1DD3NjaWVuY2UgKDIpLmJpYgAAAAAAAAAAAAAAAAAAAAAAAAAAAAAAAAAAAAAAAAAAAAAAAAAAAAAAAAAAAAAAAAFyDYbUF0+GAAAAAAAAAAAABAACAAAJIAAAAAAAAAAAAAAAAAAAAAlEb3dubG9hZHMAABAACAAA0ed4sgAAABEACAAA1BbQ9gAAAAEADAAJnUMACZ1AAAKYXAACADlNYWNpbnRvc2ggSEQ6VXNlcnM6AE5vYnV5b3NoaToARG93bmxvYWRzOgBzY2llbmNlICgyKS5iaWIAAA4AIAAPAHMAYwBpAGUAbgBjAGUAIAAoADIAKQAuAGIAaQBiAA8AGgAMAE0AYQBjAGkAbgB0AG8AcwBoACAASABEABIAKVVzZXJzL05vYnV5b3NoaS9Eb3dubG9hZHMvc2NpZW5jZSAoMikuYmliAAATAAEvAAAVAAIAEP//AACABtIbHB0eWiRjbGFzc25hbWVYJGNsYXNzZXNdTlNNdXRhYmxlRGF0YaMdHyBWTlNEYXRhWE5TT2JqZWN00hscIiNcTlNEaWN0aW9uYXJ5oiIgXxAPTlNLZXllZEFyY2hpdmVy0SYnVHJvb3SAAQAIABEAGgAjAC0AMgA3AEAARgBNAFUAYABnAGoAbABuAHEAcwB1AHcAhACOALYAuwDDAlECUwJYAmMCbAJ6An4ChQKOApMCoAKjArUCuAK9AAAAAAAAAgEAAAAAAAAAKAAAAAAAAAAAAAAAAAAAAr8=},
	Bdsk-Url-1 = {http://dx.doi.org/10.1021/jp5027465}}

@article{Lee,
	Abstract = {We study the propagation properties of surface plasmon polaritons on a Cu surface by means of photoemission electron microscopy. Use of a CMOS process to fabricate the Cu thin film is shown to enable very high propagation distances (up to 65 $\mu$m at 750 nm wavelength), provided that the copper native oxide is removed. A critical review of the optical loss mechanisms is undertaken and shed light on the effect of single grain boundaries in increasing the propagation losses of the plasmon. A microscopic interpretation is provided, relying on groove induced electromagnetic hot spots.},
	Author = {Hyun Seok Lee and Chawki Awada and Salim Boutami and Fabrice Charra and Ludovic Douillard and Roch Espiau de Lamaestre},
	Date-Added = {2016-10-10 16:25:19 +0000},
	Date-Modified = {2016-10-10 16:25:19 +0000},
	Doi = {10.1364/OE.20.008974},
	Journal = {Opt. Exp.},
	Keywords = {Roughness; Optical constants; Metals; Multiphoton processes; Surface plasmons; Surface photoemission and photoelectron spectroscopy},
	Month = {Apr},
	Number = {8},
	Pages = {8974--8981},
	Publisher = {OSA},
	Title = {Loss mechanisms of surface plasmon polaritons propagating on a smooth polycrystalline Cu surface},
	Url = {http://www.opticsexpress.org/abstract.cfm?URI=oe-20-8-8974},
	Volume = {20},
	Year = {2012},
	Bdsk-File-1 = {YnBsaXN0MDDUAQIDBAUGJCVYJHZlcnNpb25YJG9iamVjdHNZJGFyY2hpdmVyVCR0b3ASAAGGoKgHCBMUFRYaIVUkbnVsbNMJCgsMDxJXTlMua2V5c1pOUy5vYmplY3RzViRjbGFzc6INDoACgAOiEBGABIAFgAdccmVsYXRpdmVQYXRoWWFsaWFzRGF0YV8QJS4uLy4uLy4uLy4uL0Rvd25sb2Fkcy9zY2llbmNlICgyKS5iaWLSFwsYGVdOUy5kYXRhTxEBigAAAAABigACAAAMTWFjaW50b3NoIEhEAAAAAAAAAAAAAAAAAAAA0ef3QkgrAAAACZ1DD3NjaWVuY2UgKDIpLmJpYgAAAAAAAAAAAAAAAAAAAAAAAAAAAAAAAAAAAAAAAAAAAAAAAAAAAAAAAAAAAAAAAAFyDYbUF0+GAAAAAAAAAAAABAACAAAJIAAAAAAAAAAAAAAAAAAAAAlEb3dubG9hZHMAABAACAAA0ed4sgAAABEACAAA1BbQ9gAAAAEADAAJnUMACZ1AAAKYXAACADlNYWNpbnRvc2ggSEQ6VXNlcnM6AE5vYnV5b3NoaToARG93bmxvYWRzOgBzY2llbmNlICgyKS5iaWIAAA4AIAAPAHMAYwBpAGUAbgBjAGUAIAAoADIAKQAuAGIAaQBiAA8AGgAMAE0AYQBjAGkAbgB0AG8AcwBoACAASABEABIAKVVzZXJzL05vYnV5b3NoaS9Eb3dubG9hZHMvc2NpZW5jZSAoMikuYmliAAATAAEvAAAVAAIAEP//AACABtIbHB0eWiRjbGFzc25hbWVYJGNsYXNzZXNdTlNNdXRhYmxlRGF0YaMdHyBWTlNEYXRhWE5TT2JqZWN00hscIiNcTlNEaWN0aW9uYXJ5oiIgXxAPTlNLZXllZEFyY2hpdmVy0SYnVHJvb3SAAQAIABEAGgAjAC0AMgA3AEAARgBNAFUAYABnAGoAbABuAHEAcwB1AHcAhACOALYAuwDDAlECUwJYAmMCbAJ6An4ChQKOApMCoAKjArUCuAK9AAAAAAAAAgEAAAAAAAAAKAAAAAAAAAAAAAAAAAAAAr8=},
	Bdsk-Url-1 = {http://www.opticsexpress.org/abstract.cfm?URI=oe-20-8-8974},
	Bdsk-Url-2 = {http://dx.doi.org/10.1364/OE.20.008974}}

@article{Kusa2014,
	Author = {Kusa, Fumiya and Ashihara, Satoshi},
	Date-Added = {2016-10-10 16:25:19 +0000},
	Date-Modified = {2016-10-10 16:25:19 +0000},
	Eid = 153103,
	Journal = {J. Appl. Phys.},
	Number = {15},
	Title = {Spectral response of localized surface plasmon in resonance with mid-infrared light},
	Url = {http://scitation.aip.org/content/aip/journal/jap/116/15/10.1063/1.4898316},
	Volume = {116},
	Year = {2014},
	Bdsk-Url-1 = {http://scitation.aip.org/content/aip/journal/jap/116/15/10.1063/1.4898316},
	Bdsk-Url-2 = {http://dx.doi.org/10.1063/1.4898316}}

@article{Kuttge,
	Author = {Kuttge, M. and Vesseur, E. J. R. and Verhoeven, J. and Lezec, H. J. and Atwater, H. A. and Polman, A.},
	Date-Added = {2016-10-10 16:25:19 +0000},
	Date-Modified = {2016-10-10 16:25:19 +0000},
	Eid = 113110,
	Journal = {Appl. Phys. Lett.},
	Number = {11},
	Title = {Loss mechanisms of surface plasmon polaritons on gold probed by cathodoluminescence imaging spectroscopy.},
	Url = {http://scitation.aip.org/content/aip/journal/apl/93/11/10.1063/1.2987458},
	Volume = {93},
	Year = {2008},
	Bdsk-Url-1 = {http://scitation.aip.org/content/aip/journal/apl/93/11/10.1063/1.2987458},
	Bdsk-Url-2 = {http://dx.doi.org/10.1063/1.2987458}}

@article{Shiba,
	Author = {Haruya Shiba and Masanobu Haraguchi and Masuo Fukui},
	Date-Added = {2016-10-10 16:25:19 +0000},
	Date-Modified = {2016-10-10 16:25:19 +0000},
	Journal = {J. Phys. Soc. Jpn.},
	Number = {4},
	Pages = {1400-1405},
	Title = {Propagation Length of Surface Plasmon Polaritons Propagating along Air-Metal Interface},
	Url = {http://dx.doi.org/10.1143/JPSJ.63.1400},
	Volume = {63},
	Year = {1994},
	Bdsk-Url-1 = {http://dx.doi.org/10.1143/JPSJ.63.1400},
	Bdsk-File-1 = {YnBsaXN0MDDUAQIDBAUGJCVYJHZlcnNpb25YJG9iamVjdHNZJGFyY2hpdmVyVCR0b3ASAAGGoKgHCBMUFRYaIVUkbnVsbNMJCgsMDxJXTlMua2V5c1pOUy5vYmplY3RzViRjbGFzc6INDoACgAOiEBGABIAFgAdccmVsYXRpdmVQYXRoWWFsaWFzRGF0YV8QKi4uLy4uLy4uLy4uL0Rvd25sb2Fkcy8wMDQwNjA5MDc0OTAwODdYLmJpYtIXCxgZV05TLmRhdGFPEQGcAAAAAAGcAAIAAAxNYWNpbnRvc2ggSEQAAAAAAAAAAAAAAAAAAADR5/dCSCsAAAAJnUMUMDA0MDYwOTA3NDkwMDg3WC5iaWIAAAAAAAAAAAAAAAAAAAAAAAAAAAAAAAAAAAAAAAAAAAAAAAAAAAAAAAAAAXRNndQiPMwAAAAAAAAAAAAEAAIAAAkgAAAAAAAAAAAAAAAAAAAACURvd25sb2FkcwAAEAAIAADR53iyAAAAEQAIAADUIb48AAAAAQAMAAmdQwAJnUAAAphcAAIAPk1hY2ludG9zaCBIRDpVc2VyczoATm9idXlvc2hpOgBEb3dubG9hZHM6ADAwNDA2MDkwNzQ5MDA4N1guYmliAA4AKgAUADAAMAA0ADAANgAwADkAMAA3ADQAOQAwADAAOAA3AFgALgBiAGkAYgAPABoADABNAGEAYwBpAG4AdABvAHMAaAAgAEgARAASAC5Vc2Vycy9Ob2J1eW9zaGkvRG93bmxvYWRzLzAwNDA2MDkwNzQ5MDA4N1guYmliABMAAS8AABUAAgAQ//8AAIAG0hscHR5aJGNsYXNzbmFtZVgkY2xhc3Nlc11OU011dGFibGVEYXRhox0fIFZOU0RhdGFYTlNPYmplY3TSGxwiI1xOU0RpY3Rpb25hcnmiIiBfEA9OU0tleWVkQXJjaGl2ZXLRJidUcm9vdIABAAgAEQAaACMALQAyADcAQABGAE0AVQBgAGcAagBsAG4AcQBzAHUAdwCEAI4AuwDAAMgCaAJqAm8CegKDApEClQKcAqUCqgK3AroCzALPAtQAAAAAAAACAQAAAAAAAAAoAAAAAAAAAAAAAAAAAAAC1g==}}

@article{Zayats,
	Annote = {10.1038/495S7a},
	Author = {Zayats, Anatoly V.},
	Date = {2013/03/14/print},
	Date-Added = {2016-10-10 16:25:19 +0000},
	Date-Modified = {2016-10-10 16:25:19 +0000},
	Day = {14},
	Isbn = {0028-0836},
	Journal = {Nature},
	M3 = {10.1038/495S7a},
	Month = {03},
	Number = {7440},
	Pages = {S7--S7},
	Publisher = {Nature Publishing Group, a division of Macmillan Publishers Limited. All Rights Reserved.},
	Title = {Perspective: A glint of the future},
	Ty = {JOUR},
	Url = {http://dx.doi.org/10.1038/495S7a},
	Volume = {495},
	Year = {2013},
	Bdsk-File-1 = {YnBsaXN0MDDUAQIDBAUGJCVYJHZlcnNpb25YJG9iamVjdHNZJGFyY2hpdmVyVCR0b3ASAAGGoKgHCBMUFRYaIVUkbnVsbNMJCgsMDxJXTlMua2V5c1pOUy5vYmplY3RzViRjbGFzc6INDoACgAOiEBGABIAFgAdccmVsYXRpdmVQYXRoWWFsaWFzRGF0YV8QJS4uLy4uLy4uLy4uL0Rvd25sb2Fkcy9zY2llbmNlICgyKS5iaWLSFwsYGVdOUy5kYXRhTxEBigAAAAABigACAAAMTWFjaW50b3NoIEhEAAAAAAAAAAAAAAAAAAAA0ef3QkgrAAAACZ1DD3NjaWVuY2UgKDIpLmJpYgAAAAAAAAAAAAAAAAAAAAAAAAAAAAAAAAAAAAAAAAAAAAAAAAAAAAAAAAAAAAAAAAFyDYbUF0+GAAAAAAAAAAAABAACAAAJIAAAAAAAAAAAAAAAAAAAAAlEb3dubG9hZHMAABAACAAA0ed4sgAAABEACAAA1BbQ9gAAAAEADAAJnUMACZ1AAAKYXAACADlNYWNpbnRvc2ggSEQ6VXNlcnM6AE5vYnV5b3NoaToARG93bmxvYWRzOgBzY2llbmNlICgyKS5iaWIAAA4AIAAPAHMAYwBpAGUAbgBjAGUAIAAoADIAKQAuAGIAaQBiAA8AGgAMAE0AYQBjAGkAbgB0AG8AcwBoACAASABEABIAKVVzZXJzL05vYnV5b3NoaS9Eb3dubG9hZHMvc2NpZW5jZSAoMikuYmliAAATAAEvAAAVAAIAEP//AACABtIbHB0eWiRjbGFzc25hbWVYJGNsYXNzZXNdTlNNdXRhYmxlRGF0YaMdHyBWTlNEYXRhWE5TT2JqZWN00hscIiNcTlNEaWN0aW9uYXJ5oiIgXxAPTlNLZXllZEFyY2hpdmVy0SYnVHJvb3SAAQAIABEAGgAjAC0AMgA3AEAARgBNAFUAYABnAGoAbABuAHEAcwB1AHcAhACOALYAuwDDAlECUwJYAmMCbAJ6An4ChQKOApMCoAKjArUCuAK9AAAAAAAAAgEAAAAAAAAAKAAAAAAAAAAAAAAAAAAAAr8=},
	Bdsk-Url-1 = {http://dx.doi.org/10.1038/495S7a}}

@article{Soref,
	Abstract = {The realization of plasmo-electronic integrated circuits in a silicon chip will be enabled by two new plasmonic materials that are proposed and modeled in this article. The first is ion-implanted Si (n-type or p-type) at the surface of an intrinsic Si chip. The second is a thin-layer silicide such as Pd2Si, NiSi, PtSi2 WSi2 or CoSi2 formed at the Si chip surface. For doping concentrations of 1020 cm-3 and 1021 cm-3, our dispersion calculations show that bound surface plasmon polaritons will propagate with low loss on stripe-shaped plasmonic waveguides over the 10 to 55 {\textmu}m and 2.8 to 15 {\textmu}m wavelength ranges, respectively. For Pd2Si/Si plasmonic waveguides, the wavelength range of 0.5 to 7.5 {\textmu}m is useful and here the propagation lengths are 1 to 2300 {\textmu}m. For both doped and silicided guides, the SPP mode field extends much more into the air above the stripe than it does into the conductive stripe material.},
	Author = {Richard Soref and Robert E. Peale and Walter Buchwald},
	Date-Added = {2016-10-10 16:25:19 +0000},
	Date-Modified = {2016-10-10 16:25:19 +0000},
	Doi = {10.1364/OE.16.006507},
	Journal = {Opt. Exp.},
	Keywords = {Integrated optics materials; Surface plasmons; Guided waves; Metamaterials; Plasmonics},
	Month = {Apr},
	Number = {9},
	Pages = {6507--6514},
	Publisher = {OSA},
	Title = {Longwave plasmonics on doped silicon and silicides},
	Url = {http://www.opticsexpress.org/abstract.cfm?URI=oe-16-9-6507},
	Volume = {16},
	Year = {2008},
	Bdsk-File-1 = {YnBsaXN0MDDUAQIDBAUGJCVYJHZlcnNpb25YJG9iamVjdHNZJGFyY2hpdmVyVCR0b3ASAAGGoKgHCBMUFRYaIVUkbnVsbNMJCgsMDxJXTlMua2V5c1pOUy5vYmplY3RzViRjbGFzc6INDoACgAOiEBGABIAFgAdccmVsYXRpdmVQYXRoWWFsaWFzRGF0YV8QKy4uLy4uLy4uLy4uL0Rvd25sb2Fkcy9JT1BFWFBPUlRfQklCICgxKS5iaWLSFwsYGVdOUy5kYXRhTxEBogAAAAABogACAAAMTWFjaW50b3NoIEhEAAAAAAAAAAAAAAAAAAAA0ef3QkgrAAAACZ1DFUlPUEVYUE9SVF9CSUIgKDEpLmJpYgAAAAAAAAAAAAAAAAAAAAAAAAAAAAAAAAAAAAAAAAAAAAAAAAAAAAAAAAFyDUrUF08NAAAAAAAAAAAABAACAAAJIAAAAAAAAAAAAAAAAAAAAAlEb3dubG9hZHMAABAACAAA0ed4sgAAABEACAAA1BbQfQAAAAEADAAJnUMACZ1AAAKYXAACAD9NYWNpbnRvc2ggSEQ6VXNlcnM6AE5vYnV5b3NoaToARG93bmxvYWRzOgBJT1BFWFBPUlRfQklCICgxKS5iaWIAAA4ALAAVAEkATwBQAEUAWABQAE8AUgBUAF8AQgBJAEIAIAAoADEAKQAuAGIAaQBiAA8AGgAMAE0AYQBjAGkAbgB0AG8AcwBoACAASABEABIAL1VzZXJzL05vYnV5b3NoaS9Eb3dubG9hZHMvSU9QRVhQT1JUX0JJQiAoMSkuYmliAAATAAEvAAAVAAIAEP//AACABtIbHB0eWiRjbGFzc25hbWVYJGNsYXNzZXNdTlNNdXRhYmxlRGF0YaMdHyBWTlNEYXRhWE5TT2JqZWN00hscIiNcTlNEaWN0aW9uYXJ5oiIgXxAPTlNLZXllZEFyY2hpdmVy0SYnVHJvb3SAAQAIABEAGgAjAC0AMgA3AEAARgBNAFUAYABnAGoAbABuAHEAcwB1AHcAhACOALwAwQDJAm8CcQJ2AoECigKYApwCowKsArECvgLBAtMC1gLbAAAAAAAAAgEAAAAAAAAAKAAAAAAAAAAAAAAAAAAAAt0=},
	Bdsk-Url-1 = {http://www.opticsexpress.org/abstract.cfm?URI=oe-16-9-6507},
	Bdsk-Url-2 = {http://dx.doi.org/10.1364/OE.16.006507}}

@article{Kusa2015,
	Author = {Kusa, F. and Echternkamp, K. E. and Herink, G. and Ropers, C. and Ashihara, S.},
	Date-Added = {2016-10-10 16:25:19 +0000},
	Date-Modified = {2016-10-10 16:25:19 +0000},
	Eid = 077138,
	Journal = {AIP Adv.},
	Number = {7},
	Title = {Optical field emission from resonant gold nanorods driven by femtosecond mid-infrared pulses},
	Url = {http://scitation.aip.org/content/aip/journal/adva/5/7/10.1063/1.4927151},
	Volume = {5},
	Year = {2015},
	Bdsk-File-1 = {YnBsaXN0MDDUAQIDBAUGJCVYJHZlcnNpb25YJG9iamVjdHNZJGFyY2hpdmVyVCR0b3ASAAGGoKgHCBMUFRYaIVUkbnVsbNMJCgsMDxJXTlMua2V5c1pOUy5vYmplY3RzViRjbGFzc6INDoACgAOiEBGABIAFgAdccmVsYXRpdmVQYXRoWWFsaWFzRGF0YV8QMi4uLy4uLy4uLy4uL0Rvd25sb2Fkcy9hY2hzX2pwY2NjazExOF8xNTAxMSAoMSkuYmli0hcLGBlXTlMuZGF0YU8RAbwAAAAAAbwAAgAADE1hY2ludG9zaCBIRAAAAAAAAAAAAAAAAAAAANHn90JIKwAAAAmdQxxhY2hzX2pwY2NjazExOF8xNTAxMSAoMSkuYmliAAAAAAAAAAAAAAAAAAAAAAAAAAAAAAAAAAAAAAAAAAAAAAABcgw/1BdNogAAAAAAAAAAAAQAAgAACSAAAAAAAAAAAAAAAAAAAAAJRG93bmxvYWRzAAAQAAgAANHneLIAAAARAAgAANQWzxIAAAABAAwACZ1DAAmdQAACmFwAAgBGTWFjaW50b3NoIEhEOlVzZXJzOgBOb2J1eW9zaGk6AERvd25sb2FkczoAYWNoc19qcGNjY2sxMThfMTUwMTEgKDEpLmJpYgAOADoAHABhAGMAaABzAF8AagBwAGMAYwBjAGsAMQAxADgAXwAxADUAMAAxADEAIAAoADEAKQAuAGIAaQBiAA8AGgAMAE0AYQBjAGkAbgB0AG8AcwBoACAASABEABIANlVzZXJzL05vYnV5b3NoaS9Eb3dubG9hZHMvYWNoc19qcGNjY2sxMThfMTUwMTEgKDEpLmJpYgATAAEvAAAVAAIAEP//AACABtIbHB0eWiRjbGFzc25hbWVYJGNsYXNzZXNdTlNNdXRhYmxlRGF0YaMdHyBWTlNEYXRhWE5TT2JqZWN00hscIiNcTlNEaWN0aW9uYXJ5oiIgXxAPTlNLZXllZEFyY2hpdmVy0SYnVHJvb3SAAQAIABEAGgAjAC0AMgA3AEAARgBNAFUAYABnAGoAbABuAHEAcwB1AHcAhACOAMMAyADQApACkgKXAqICqwK5Ar0CxALNAtIC3wLiAvQC9wL8AAAAAAAAAgEAAAAAAAAAKAAAAAAAAAAAAAAAAAAAAv4=},
	Bdsk-Url-1 = {http://scitation.aip.org/content/aip/journal/adva/5/7/10.1063/1.4927151},
	Bdsk-Url-2 = {http://dx.doi.org/10.1063/1.4927151}}

@article{Ebbesen,
	Author = {Ebbesen, Thomas W and Genet, Cyriaque and Bozhevolnyi, Sergey I},
	Date-Added = {2016-10-10 16:25:19 +0000},
	Date-Modified = {2016-10-10 16:25:19 +0000},
	Journal = {Phys. Today},
	Number = {5},
	Pages = {44},
	Publisher = {American Institute of Physics},
	Title = {Surface-plasmon circuitry},
	Volume = {61},
	Year = {2008}}

@article{Kusunoki,
	Author = {F. Kusunoki and J. Takahara and I. Kobayashi},
	Date-Added = {2016-10-10 16:25:19 +0000},
	Date-Modified = {2016-10-10 16:25:19 +0000},
	Doi = {10.1049/el:20030004},
	Issn = {0013-5194},
	Journal = {Electron. Lett.},
	Keywords = {emissivity;microcavities;periodic structures;polaritons;surface electromagnetic waves;surface plasmon resonance;tantalum;Ta;Ta surfaces;electromagnetic wave resonances;microcavity periodic array;relative spectral emissivity;resonant peaks;surface aperture ratio;thermal emission;thermally excited surface plasmon polaritons;two-dimensional periodic array},
	Month = {Jan},
	Number = {1},
	Pages = {23-24},
	Title = {Qualitative change of resonant peaks in thermal emission from periodic array of microcavities},
	Volume = {39},
	Year = {2003},
	Bdsk-File-1 = {YnBsaXN0MDDUAQIDBAUGJCVYJHZlcnNpb25YJG9iamVjdHNZJGFyY2hpdmVyVCR0b3ASAAGGoKgHCBMUFRYaIVUkbnVsbNMJCgsMDxJXTlMua2V5c1pOUy5vYmplY3RzViRjbGFzc6INDoACgAOiEBGABIAFgAdccmVsYXRpdmVQYXRoWWFsaWFzRGF0YV8QJy4uLy4uLy4uLy4uL0Rvd25sb2Fkcy9qb3NhLTcxLTctODExLmJpYtIXCxgZV05TLmRhdGFPEQGSAAAAAAGSAAIAAAxNYWNpbnRvc2ggSEQAAAAAAAAAAAAAAAAAAADR5/dCSCsAAAAJnUMRam9zYS03MS03LTgxMS5iaWIAAAAAAAAAAAAAAAAAAAAAAAAAAAAAAAAAAAAAAAAAAAAAAAAAAAAAAAAAAAAAAXIOsdQXUTQAAAAAAAAAAAAEAAIAAAkgAAAAAAAAAAAAAAAAAAAACURvd25sb2FkcwAAEAAIAADR53iyAAAAEQAIAADUFtKkAAAAAQAMAAmdQwAJnUAAAphcAAIAO01hY2ludG9zaCBIRDpVc2VyczoATm9idXlvc2hpOgBEb3dubG9hZHM6AGpvc2EtNzEtNy04MTEuYmliAAAOACQAEQBqAG8AcwBhAC0ANwAxAC0ANwAtADgAMQAxAC4AYgBpAGIADwAaAAwATQBhAGMAaQBuAHQAbwBzAGgAIABIAEQAEgArVXNlcnMvTm9idXlvc2hpL0Rvd25sb2Fkcy9qb3NhLTcxLTctODExLmJpYgAAEwABLwAAFQACABD//wAAgAbSGxwdHlokY2xhc3NuYW1lWCRjbGFzc2VzXU5TTXV0YWJsZURhdGGjHR8gVk5TRGF0YVhOU09iamVjdNIbHCIjXE5TRGljdGlvbmFyeaIiIF8QD05TS2V5ZWRBcmNoaXZlctEmJ1Ryb290gAEACAARABoAIwAtADIANwBAAEYATQBVAGAAZwBqAGwAbgBxAHMAdQB3AIQAjgC4AL0AxQJbAl0CYgJtAnYChAKIAo8CmAKdAqoCrQK/AsICxwAAAAAAAAIBAAAAAAAAACgAAAAAAAAAAAAAAAAAAALJ},
	Bdsk-Url-1 = {http://dx.doi.org/10.1049/el:20030004}}

@article{Hoang,
	Author = {Hoang, Chung V. and Oyama, Makiko and Saito, Osamu and Aono, Masakazu and Nagao, Tadaaki},
	Date = {2013/02/06/online},
	Date-Added = {2016-10-10 16:25:19 +0000},
	Date-Modified = {2016-10-10 16:25:19 +0000},
	Day = {06},
	Journal = {Sci. Rep.},
	L3 = {10.1038/srep01175;},
	M3 = {Article},
	Month = {02},
	Pages = {1175 EP -},
	Publisher = {The Author(s) SN -},
	Title = {Monitoring the Presence of Ionic Mercury in Environmental Water by Plasmon-Enhanced Infrared Spectroscopy},
	Ty = {JOUR},
	Url = {http://dx.doi.org/10.1038/srep01175},
	Volume = {3},
	Year = {2013},
	Bdsk-Url-1 = {http://dx.doi.org/10.1038/srep01175}}

@article{Cleary2008,
	Abstractnote = {AbstractPt-, Pd-, Ni-, and Ti-silicide films on silicon were evaluated as conducting hosts for surface plasmon polaritons (SPP) in proposed long-wave IR (LWIR) attenuated total reflection biosensors. Original LWIR complex permittivity data was collected, from which SPP properties were determined and compared with those for noble metals. LWIR SPPs on silicide films were found to offer enhanced sensitivity to thinner biological entities than when usual metal films are used.},
	Author = {Cleary, Justin and Peale, Robert and Shelton, David and Boreman, Glenn and Soref, Richard and Buchwald, Walter},
	Date-Added = {2016-10-10 16:25:19 +0000},
	Date-Modified = {2016-10-10 16:25:19 +0000},
	Eid = {AA10-03},
	Journal = {MRS Proceedings},
	Month = {Feb},
	Place = {New York, USA},
	Publisher = {Cambridge University Press},
	Title = {Silicides for Infrared Surface Plasmon Resonance Biosensors},
	Url = {https://www.cambridge.org/core/article/silicides-for-infrared-surface-plasmon-resonance-biosensors/6B0980B717402002E430777A4E7C6B7A},
	Volume = {1133},
	Year = {2011},
	Bdsk-Url-1 = {https://www.cambridge.org/core/article/silicides-for-infrared-surface-plasmon-resonance-biosensors/6B0980B717402002E430777A4E7C6B7A},
	Bdsk-Url-2 = {http://dx.doi.org/10.1557/PROC-1133-AA10-03}}

@article{Law,
	Author = {Law, Stephanie and Podolskiy, Viktor and Wasserman, Daniel},
	Date-Added = {2016-10-10 16:25:19 +0000},
	Date-Modified = {2016-10-10 16:25:19 +0000},
	Journal = {Nanophotonics},
	Number = {2},
	Pages = {103--130},
	Title = {Towards nano-scale photonics with micro-scale photons: the opportunities and challenges of mid-infrared plasmonics},
	Volume = {2},
	Year = {2013}}

@article{Stanley,
	Annote = {10.1038/nphoton.2012.161},
	Author = {Stanley, Ross},
	Date = {2012/07//print},
	Date-Added = {2016-10-10 16:25:19 +0000},
	Date-Modified = {2016-10-10 16:25:19 +0000},
	Isbn = {1749-4885},
	Journal = {Nat. Photon.},
	M3 = {10.1038/nphoton.2012.161},
	Month = {07},
	Number = {7},
	Pages = {409--411},
	Publisher = {Nature Publishing Group, a division of Macmillan Publishers Limited. All Rights Reserved.},
	Title = {Plasmonics in the mid-infrared},
	Ty = {JOUR},
	Url = {http://dx.doi.org/10.1038/nphoton.2012.161},
	Volume = {6},
	Year = {2012},
	Bdsk-File-1 = {YnBsaXN0MDDUAQIDBAUGJCVYJHZlcnNpb25YJG9iamVjdHNZJGFyY2hpdmVyVCR0b3ASAAGGoKgHCBMUFRYaIVUkbnVsbNMJCgsMDxJXTlMua2V5c1pOUy5vYmplY3RzViRjbGFzc6INDoACgAOiEBGABIAFgAdccmVsYXRpdmVQYXRoWWFsaWFzRGF0YV8QJy4uLy4uLy4uLy4uL0Rvd25sb2Fkcy9qb3NhLTcxLTctODExLmJpYtIXCxgZV05TLmRhdGFPEQGSAAAAAAGSAAIAAAxNYWNpbnRvc2ggSEQAAAAAAAAAAAAAAAAAAADR5/dCSCsAAAAJnUMRam9zYS03MS03LTgxMS5iaWIAAAAAAAAAAAAAAAAAAAAAAAAAAAAAAAAAAAAAAAAAAAAAAAAAAAAAAAAAAAAAAXIOsdQXUTQAAAAAAAAAAAAEAAIAAAkgAAAAAAAAAAAAAAAAAAAACURvd25sb2FkcwAAEAAIAADR53iyAAAAEQAIAADUFtKkAAAAAQAMAAmdQwAJnUAAAphcAAIAO01hY2ludG9zaCBIRDpVc2VyczoATm9idXlvc2hpOgBEb3dubG9hZHM6AGpvc2EtNzEtNy04MTEuYmliAAAOACQAEQBqAG8AcwBhAC0ANwAxAC0ANwAtADgAMQAxAC4AYgBpAGIADwAaAAwATQBhAGMAaQBuAHQAbwBzAGgAIABIAEQAEgArVXNlcnMvTm9idXlvc2hpL0Rvd25sb2Fkcy9qb3NhLTcxLTctODExLmJpYgAAEwABLwAAFQACABD//wAAgAbSGxwdHlokY2xhc3NuYW1lWCRjbGFzc2VzXU5TTXV0YWJsZURhdGGjHR8gVk5TRGF0YVhOU09iamVjdNIbHCIjXE5TRGljdGlvbmFyeaIiIF8QD05TS2V5ZWRBcmNoaXZlctEmJ1Ryb290gAEACAARABoAIwAtADIANwBAAEYATQBVAGAAZwBqAGwAbgBxAHMAdQB3AIQAjgC4AL0AxQJbAl0CYgJtAnYChAKIAo8CmAKdAqoCrQK/AsICxwAAAAAAAAIBAAAAAAAAACgAAAAAAAAAAAAAAAAAAALJ},
	Bdsk-Url-1 = {http://dx.doi.org/10.1038/nphoton.2012.161}}

@article{Neubrech,
	Author = {Neubrech, Frank and Pucci, Annemarie and Cornelius, Thomas Walter and Karim, Shafqat and Garc\'{\i}a-Etxarri, Aitzol and Aizpurua, Javier},
	Date-Added = {2016-10-10 16:25:19 +0000},
	Date-Modified = {2016-10-10 16:25:19 +0000},
	Doi = {10.1103/PhysRevLett.101.157403},
	Issue = {15},
	Journal = {Phys. Rev. Lett.},
	Month = {Oct},
	Numpages = {4},
	Pages = {157403},
	Publisher = {American Physical Society},
	Title = {Resonant Plasmonic and Vibrational Coupling in a Tailored Nanoantenna for Infrared Detection},
	Url = {http://link.aps.org/doi/10.1103/PhysRevLett.101.157403},
	Volume = {101},
	Year = {2008},
	Bdsk-Url-1 = {http://link.aps.org/doi/10.1103/PhysRevLett.101.157403},
	Bdsk-Url-2 = {http://dx.doi.org/10.1103/PhysRevLett.101.157403}}

@article{Peale2008,
	Author = {Peale, R. E. and Lopatiuk, O. and Cleary, J. and Santos, S. and Henderson, J. and Clark, D. and Chernyak, L. and Winningham, T. A. and Barco, E. Del and Heinrich, H. and Buchwald, W. R.},
	Journal = {J. Opt. Soc. Am. B},
	Number = {10},
	Pages = {1708-1713},
	Title = {Propagation of high-frequency surface plasmons on gold},
	Volume = {25},
	Year = {2008}}
