%% This BibTeX bibliography file was created using BibDesk.
%% http://bibdesk.sourceforge.net/

%% Created for 信義 平松 at 2016-10-02 22:33:27 +0900 


%% Saved with string encoding Unicode (UTF-8) 



@article{Stanley,
	Author = {R. Stanley},
	Date-Added = {2016-10-02 13:30:20 +0000},
	Date-Modified = {2016-10-02 13:30:20 +0000},
	Journal = {Nature Photon.},
	Pages = {409},
	Title = {Plasmonics in the mid-infrared},
	Volume = {6},
	Year = {2012}}

@article{Law,
	Author = {S. Law and V. Podolskiy and D. Wasserman},
	Date-Added = {2016-10-02 13:30:20 +0000},
	Date-Modified = {2016-10-02 13:30:20 +0000},
	Issue = {2},
	Journal = {Nanophotonics},
	Pages = {103},
	Title = {Towards nano-scale photonics with micro-scale photons: the opportunities and challenges of mid-infrared plasmonics},
	Volume = {2},
	Year = {2012}}

@article{Neubrech,
	Author = {F. Neubrech and A. Pucci and C. T. Walter and S. Karim and A. Garc¥'{¥i}a-Etxarri and J. Aizpurua},
	Date-Added = {2016-10-02 13:30:20 +0000},
	Date-Modified = {2016-10-02 13:30:20 +0000},
	Issue = {15},
	Journal = {Phys. Rev. Lett.},
	Pages = {157403},
	Title = {Resonant Plasmonic and Vibrational Coupling in a Tailored Nanoantenna for Infrared Detection},
	Volume = {101},
	Year = {2008}}

@article{Hoang,
	Author = {C. V. Hoang and M. Oyama and O. Saito and M. Aono and T. Nagao},
	Date-Added = {2016-10-02 13:30:20 +0000},
	Date-Modified = {2016-10-02 13:30:20 +0000},
	Issue = {1175},
	Journal = {Sci. Rep.},
	Title = {Monitoring the presence of ionic mercury in environmental water by plasmon-enhanced infrared spectroscopy},
	Volume = {3},
	Year = {2013}}

@article{Cleary2008,
	Author = {J. W. Cleary and R. E. Peale and D. Shelton and G. Boreman and W. R. Buchwald},
	Date-Added = {2016-10-02 13:30:20 +0000},
	Date-Modified = {2016-10-02 13:30:20 +0000},
	Doi = {10.1557/PROC-1133-AA10-03},
	Journal = {Proc. Mater. Res. Soc.},
	Pages = {AA10-03},
	Title = {Silicides for infrared surface plasmon resonance biosensors},
	Volume = {1133},
	Year = {2008},
	Bdsk-Url-1 = {http://dx.doi.org/10.1557/PROC-1133-AA10-03}}

@article{Kusunoki,
	Author = {F. Kusunoki and J. Takahara and I. Kobayashi},
	Date-Added = {2016-10-02 13:30:20 +0000},
	Date-Modified = {2016-10-02 13:30:20 +0000},
	Journal = {Electron. Lett.},
	Number = {1},
	Pages = {23},
	Title = {Qualitative change of resonant peaks in thermal emission from periodic array of microcavities},
	Volume = {39},
	Year = {2003}}

@article{Ebbesen,
	Author = {T. W. Ebbesen and C. Genet and S. I. Bozhevolnyi},
	Date-Added = {2016-10-02 13:30:20 +0000},
	Date-Modified = {2016-10-02 13:30:20 +0000},
	Issue = {5},
	Journal = {Phys. Today},
	Page = {44},
	Title = {Surface-plasmon circuitry},
	Volume = {61},
	Year = {2008}}

@article{Soref,
	Author = {R. Soref and R. E. Peale and W. Buchwald},
	Date-Added = {2016-10-02 13:30:20 +0000},
	Date-Modified = {2016-10-02 13:30:20 +0000},
	Journal = {Opt. Exp.},
	Number = {9},
	Pages = {6507},
	Title = {Longwave plasmonics on doped silicon and silicides},
	Volume = {16},
	Year = {2008}}

@article{Kusa2015,
	Author = {F. Kusa. and K. E. Echternkamp and G. Herink and C. Ropers and S. Ashihara},
	Date-Added = {2016-10-02 13:30:20 +0000},
	Date-Modified = {2016-10-02 13:30:20 +0000},
	Journal = {AIP Advances},
	Number = {7},
	Title = {Optical field emission from resonant gold nanorods driven by femtosecond mid-infrared pulses},
	Volume = {5},
	Year = {2015}}

@article{Kusa2014,
	Author = {F. Kusa and S. Ashihara},
	Date-Added = {2016-10-02 13:30:20 +0000},
	Date-Modified = {2016-10-02 13:30:20 +0000},
	Issue = {15},
	Journal = {J. Appl. Phys.},
	Title = {Spectral response of localized surface plasmon in resonance with mid-infrared light},
	Volume = {116},
	Year = {2014}}

@article{Zayats,
	Author = {A. V. Zayats},
	Date-Added = {2016-10-02 13:30:20 +0000},
	Date-Modified = {2016-10-02 13:30:20 +0000},
	Issue = {7440},
	Journal = {Nature},
	Pages = {S7},
	Title = {Perspective: A glint of the future},
	Volume = {495},
	Year = {2013}}

@article{Shiba,
	Author = {H. Shiba and M. Haraguchi and M. Fukui},
	Date-Added = {2016-10-02 13:30:20 +0000},
	Date-Modified = {2016-10-02 13:30:20 +0000},
	Journal = {J. Phys. Soc. Jpn.},
	Number = {4},
	Pages = {1400},
	Title = {Propagation Length of Surface Plasmon Polaritons Propagating along Air-Metal Interface},
	Volume = {63},
	Year = {1994}}

@article{Kuttge,
	Author = {M. Kuttge and E. J. R. Vesseur and J. Verhoeven and H. J. Lezec and H. A. Atwater and A. Polman},
	Date-Added = {2016-10-02 13:30:20 +0000},
	Date-Modified = {2016-10-02 13:30:20 +0000},
	Issue = {11},
	Journal = {Appl. Phys. Lett.},
	Number = {11},
	Title = {Loss mechanisms of surface plasmon polaritons on gold probed by cathodoluminescence imaging spectroscopy},
	Volume = {93},
	Year = {2008}}

@article{Lee,
	Author = {H. S. Lee and C. Awada and S. Boutami and F. Charra and L. Douillard and R. E. de Lamaestre},
	Date-Added = {2016-10-02 13:30:20 +0000},
	Date-Modified = {2016-10-02 13:30:20 +0000},
	Journal = {Opt. Exp.},
	Number = {8},
	Pages = {8974},
	Publisher = {OSA},
	Title = {Loss mechanisms of surface plasmon polaritons propagating on a smooth polycrystalline Cu surface},
	Volume = {20},
	Year = {2012}}

@article{Trollmann,
	Author = {J. Trollmann and A. Pucci},
	Date-Added = {2016-10-02 13:30:20 +0000},
	Date-Modified = {2016-10-02 13:30:20 +0000},
	Journal = {J. Phys. Chem. C},
	Number = {27},
	Pages = {15011},
	Title = {Infrared Dielectric Function of Gold Films in Relation to Their Morphology},
	Volume = {118},
	Year = {2014}}

@article{Olmon,
	Author = {R. L. Olmon and B. Slovick and T. W. Johnson and D. Shelton and S. H. Oh and G. D. Boreman and M. B. Raschke},
	Date-Added = {2016-10-02 13:30:20 +0000},
	Date-Modified = {2016-10-02 13:30:20 +0000},
	Issue = {23},
	Journal = {Phys. Rev. B},
	Numpages = {9},
	Pages = {235147},
	Title = {Optical dielectric function of gold},
	Volume = {86},
	Year = {2012}}

@article{Koev,
	Author = {S. T. Koev and A. Agrawal and H. J. Lezec and V. A. Aksyuk},
	Date-Added = {2016-10-02 13:30:20 +0000},
	Date-Modified = {2016-10-02 13:30:20 +0000},
	Journal = {Plasmonics},
	Number = {2},
	Pages = {269},
	Title = {An Efficient Large-Area Grating Coupler for Surface Plasmon Polaritons},
	Volume = {7},
	Year = {2012}}

@article{Cleary2010,
	Author = {J. W. Cleary and G. Medhi and R. E. Peale and W. R. Buchwald},
	Date-Added = {2016-10-02 13:30:20 +0000},
	Date-Modified = {2016-10-02 13:30:20 +0000},
	Journal = {Appl. Opt.},
	Number = {16},
	Pages = {3102--3110},
	Title = {Long-wave infrared surface plasmon grating coupler},
	Volume = {49},
	Year = {2010}}

@article{Leveque,
	Author = {G. L{¥'e}v{¥^e}que and O. J. F. Martin},
	Date-Added = {2016-10-02 13:30:20 +0000},
	Date-Modified = {2016-10-02 13:30:20 +0000},
	Journal = {J. Appl. Phys.},
	Number = {12},
	Title = {Optimization of finite diffraction gratings for the excitation of surface plasmons},
	Volume = {100},
	Year = {2006}}

@article{Nogues,
	Author = {C. Nogues and M. Wanunu},
	Date-Added = {2016-10-02 13:30:20 +0000},
	Date-Modified = {2016-10-02 13:30:20 +0000},
	Issn = {0039-6028},
	Journal = {Surf. Sci.},
	Number = {3},
	Pages = {L383},
	Title = {A rapid approach to reproducible, atomically flat gold films on mica},
	Volume = {573},
	Year = {2004}}

@article{Petr,
	Author = {Petr Klapetek and Ivan Ohl¥'{¥i}dal and Alberto Montaigne-Ramil and Alberta Bonanni and David Stifter and Helmut Sitter},
	Date-Added = {2016-10-02 13:30:20 +0000},
	Date-Modified = {2016-10-02 13:30:20 +0000},
	Journal = {Acta Phys. Slovaca},
	Number = {3},
	Pages = {223},
	Title = {Atomic Force Microscopy Characterization of ZnTe Epitaxial Thin Films},
	Volume = {53},
	Year = {2003}}

@inbook{Palik,
	Author = {Palik, Edward D.},
	Date-Added = {2016-10-02 13:30:20 +0000},
	Date-Modified = {2016-10-02 13:30:20 +0000},
	Publisher = {Academic Press},
	Title = {Handbook of Optical Constants of Solids},
	Year = {2002}}

@article{Yang,
	Author = {H. U. Yang and J. D'Archangel and M. L. Sundheimer and E. Tucker and G. D. Boreman and M. B. Raschke},
	Date-Added = {2016-10-02 13:30:20 +0000},
	Date-Modified = {2016-10-02 13:30:20 +0000},
	Issue = {23},
	Journal = {Phys. Rev. B},
	Numpages = {11},
	Pages = {235137},
	Title = {Optical dielectric function of silver},
	Volume = {91},
	Year = {2015}}

@article{Buffat,
	Author = {Ph. Buffat and J-P. Borel},
	Date-Added = {2016-10-02 13:30:20 +0000},
	Date-Modified = {2016-10-02 13:30:20 +0000},
	Issue = {6},
	Journal = {Phys. Rev. A},
	Pages = {2287},
	Title = {Size effect on the melting temperature of gold particles},
	Volume = {13},
	Year = {1976}}

@article{Mills,
	Author = {D. L. Mills},
	Date-Added = {2016-10-02 13:30:20 +0000},
	Date-Modified = {2016-10-02 13:30:20 +0000},
	Issue = {19},
	Journal = {Phys. Rev. A},
	Pages = {4036},
	Title = {Attenuation of surface polaritons by surface roughness},
	Volume = {12},
	Year = {1975}}

@article{McMullen,
	Author = {J. D. McMullen},
	Date-Added = {2016-10-02 13:30:20 +0000},
	Date-Modified = {2016-10-02 13:30:20 +0000},
	Issue = {3},
	Journal = {Sol. Stat. Commun.},
	Pages = {331},
	Title = {Propagation lengths of surface polaritons at 10.6 microns on BeO and metal substrates},
	Volume = {17},
	Year = {1975}}

@article{Schlesinger1,
	Author = {Z. Schlesinger and A. J. Sievers},
	Date-Added = {2016-10-02 13:30:20 +0000},
	Date-Modified = {2016-10-02 13:30:20 +0000},
	Issue = {9},
	Journal = {Sol. Stat. Commun.},
	Pages = {671},
	Title = {IR surface plasmon attenuation coefficients for Ag and Au films},
	Volume = {43},
	Year = {1982}}

@article{Schlesinger2,
	Author = {Z. Schlesinger and A. J. Sievers},
	Date-Added = {2016-10-02 13:30:20 +0000},
	Date-Modified = {2016-10-02 13:30:20 +0000},
	Issue = {12},
	Journal = {Phys. Rev. B},
	Pages = {6444},
	Title = {ir surface-plasmon attnuation coefficients for Ge-coated Ag and Au metals},
	Volume = {26},
	Year = {1982}}

@article{Schoenwald,
	Author = {J. Schoenwald and E. Burstein and J. M. Elson},
	Date-Added = {2016-10-02 13:30:20 +0000},
	Date-Modified = {2016-10-02 13:30:20 +0000},
	Issue = {3},
	Journal = {Sol. Stat. Commun.},
	Pages = {185},
	Title = {Propagation of surface polaritons over macroscopic distances at optical frequencies},
	Volume = {12},
	Year = {1973}}

@article{Moharam,
	Author = {M. G. Moharam and T. K. Gaylord},
	Date-Added = {2016-10-02 13:30:20 +0000},
	Date-Modified = {2016-10-02 13:30:20 +0000},
	Journal = {J. Opt. Soc. Am.},
	Month = {Jul},
	Number = {7},
	Pages = {811},
	Title = {Rigorous coupled-wave analysis of planar-grating diffraction},
	Volume = {71},
	Year = {1981}}

@article{Canchal-Arias,
	Author = {D. Canchal-Arias and P. Dawson},
	Date-Added = {2016-10-02 13:30:20 +0000},
	Date-Modified = {2016-10-02 13:30:20 +0000},
	Journal = {Surf. Sci.},
	Number = {2},
	Pages = {95},
	Title = {Measurement and interpretation of the mid-infrared properties of single crystal and polycrystalline gold},
	Volume = {577},
	Year = {2005}}
